comment: inproceedings ignores the location field. change it to address
@article{aha2013gda,
	title = {Goal-Driven Autonomy for Responding to Unexpected Events in Strategy Simulations},
	journal = {Computational Intelligence},
	volume = {29},
	year = {2013},
	month = {May},
	pages = {187--206},
	author = {Matthew Klenk and Matt Molineaux and David W Aha}
}

@inproceedings{alami2006htp,
  author    = {Rachid Alami and Aur{\'{e}}lie Clodic and Vincent Montreuil and  Emrah Akin Sisbot and Raja Chatila},
  title     = {Toward Human-Aware Robot Task Planning},
  booktitle = {To Boldly Go Where No Human-Robot Team Has Gone Before, Papers from
               the 2006 {AAAI} Spring Symposium, Technical Report SS-06-07},
  pages     = {39--46},
  year      = {2006},
  month = {march},
   address = {Stanford, CA, USA}
}

@inproceedings{agrawal1994fast,
  title={Fast algorithms for mining association rules},
  author={Agrawal, Rakesh and Srikant, Ramakrishnan and others},
  booktitle={Proceedings of the 20th int. conf. very large data bases, VLDB},
  volume={1215},
  pages={487--499},
  year={1994}
}

@article{ambite2001,
  title={Planning by Rewriting},
  author={Jos{\'e} Luis Ambite and Craig A. Knoblock},
  journal={Journal of Artificial Intelligence Research.},
  year={2001},
  volume={15},
  pages={207--261}
}

@inproceedings{baker2016planning,
  title={Planning search and rescue missions for UAV teams},
  author={Baker, Chris AB and Ramchurn, Sarvapali and Teacy, WT and Jennings, Nicholas R},
  booktitle={Proceedings of the 22nd European Conference on Artificial Intelligence (ECAI)},
  pages={1777--1778},
  year={2016},
  organization={IOS Press}
}

@inproceedings{banerjee2010mpr,
	author = {Banerjee, Bikramjit and Kraemer, Landon and Lyle, Jeremy},
	title = {Multi-agent Plan Recognition: Formalization and Algorithms},
	booktitle = {Proceedings of the 24th AAAI Conference on Artificial Intelligence},
	series = {AAAI'10},
	year = {2010},
	address = {Atlanta, Georgia},
	pages = {1059--1064},
	numpages = {6},
	publisher = {AAAI Press}
} 

@inproceedings{bauer1998acquisition,
  title={Acquisition of abstract plan descriptions for plan recognition},
  author={Bauer, M.},
  booktitle={Proceedings of the 15th Nat. Conf. on Artificial Intelligence (AAAI)},
  pages={936--941},
  year={1998}
}

@inproceedings{beck2016opc,
 author = {Beck, Zolt\'{a}n and Teacy, Luke and Rogers, Alex and Jennings, Nicholas R.},
 title = {Online Planning for Collaborative Search and Rescue by Heterogeneous Robot Teams},
 booktitle = {Proceedings of the 2016 International Conference on Autonomous Agents and Multiagent Systems (AAMAS)},
 year = {2016},
 pages = {1024--1033},
 numpages = {10},
 publisher = {International Foundation for Autonomous Agents and Multiagent Systems},
 address = {Richland, SC}
} 

@inproceedings{bernadini2016sat,
	author = {Sara Bernardini and Maria Fox and Derek Long and Chiara Piancentini},
	title = {Leveraging Probabilistic Reasoning in Deterministic Planning for Large-Scale Autonomous Search-and-Tracking},
	booktitle = {Proceedings of the 26th International Conference on Automated Planning and Scheduling (ICAPS)},
	year = {2016},
	pages = {47--55}
}

@inproceedings{bevacqua2015mip,
  title={Mixed-Initiative Planning and Execution for Multiple Drones in Search and Rescue Missions},
  author={Giuseppe Bevacqua and Jonathan Cacace and Alberto Finzi and Vincenzo Lippiello},
  booktitle={Proceedings of the International Conference on Automated Planning and Scheduling (ICAPS)},
  year={2015},
  pages={315--323}
}

@Article{blum1997fast,
  title={Fast planning through planning graph analysis},
  author={Blum, A. L. and Furst, M. L.},
  journal={Artificial Intelligence},
  volume={90},
  number={1},
  pages={281--300},
  year={1997},
  publisher={Elsevier}
}

@inproceedings{boddy2005course,
  title={Course of Action Generation for Cyber Security Using Classical Planning},
  author={Boddy, M. S. and Gohde, J. and Haigh, T. and Harp, S. A.},
  booktitle={Proceedings of the International Conference on Automated Planning and Scheduling (ICAPS)},
  pages={12--21},
  year={2005}
}

@inproceedings{bonet01planningas,
    author = {Blai Bonet and HÃ©ctor Geffner},
    booktitle = {Planning as Heuristic Search},
    journal = {Artificial Intelligence},
    year = {2001},
    volume = {129},
    pages = {5--33}
}
@article{breiman2001,
 author = {Breiman, Leo},
 title = {Random Forests},
 journal = {Machine Learning},
 issue_date = {October 1 2001},
 volume = {45},
 number = {1},
 month = {October},
 year = {2001},
 issn = {0885-6125},
 pages = {5--32},
 numpages = {28},
 publisher = {Kluwer Academic Publishers},
 address = {Norwell, MA, USA}
} 

@inproceedings{bryce2014diverse,
	author = {Daniel Bryce},
	title = {Landmark-Based Plan Distance Measures for Diverse Planning},
	booktitle = {Proceedings of the 24th International Conference on Automated Planning and Scheduling (ICAPS)},
	year = {2014},
	pages = {56--64},
	address={Portsmouth, NH, USA}
}

@Article{carberry2001plan,
  author = 	 {Carberry, S.},
  title = 	 {Techniques for Plan Recognition},
  journal = 	 {User Modeling and User-Adapted Interaction},
  year = 	 2001,
  volume = 	 11,
  number = 	 1,
  pages = 	 {31-48},
  month = 	 {March}
 }


@inproceedings{chakraborti2015planning,
  title={Planning for serendipity},
  author={Chakraborti, Tathagata and Briggs, Gordon and Talamadupula, Kartik and Zhang, Yu and Scheutz, Matthias and Smith, David and Kambhampati, Subbarao},
  booktitle={2015 IEEE\/RSJ International Conference on Intelligent Robots and Systems (IROS)},
  pages={5300--5306},
  year={2015},
  organization={IEEE}
}


@inproceedings{chakraborti2019,
title = {Plan Explanations as Model Reconciliation},
author = {Tathagata Chakraborti and Sarath Sreedharan and Sachin Grover and Subbarao Kambhampati},
year = {2019},
month = {3},
day = {22},
publisher = {IEEE Computer Society},
pages = {258--266},
booktitle = {14th ACM/IEEE International Conference on Human-Robot Interaction (HRI)},

}


@inproceedings{craven1995,
  title={Extracting Thee-Structured Representations of Trained Networks},
  author={Mark W. Craven and Jude W. Shavlik},
  year={1995},
  booktitle={ Advances in Neural Information Processing Systems}, 
  pages={24--30}, 
  publisher={MIT Press},
  address={Denver, CO} 
}

@Article{demeester2008user,
  title={User-adapted plan recognition and user-adapted shared control: A Bayesian approach to semi-autonomous wheelchair driving},
  author={Demeester, E. and H{\"u}ntemann, A. and Vanhooydonck, D. and Vanacker, G. and Van Brussel, H. and Nuttin, M.},
  journal={Autonomous Robots},
  volume={24},
  number={2},
  pages={193--211},
  year={2008},
  publisher={Springer}
}

@article{mcdermott1999grid,
 author = {McDermott, Drew},
 title = {Using Regression-match Graphs to Control Search in Planning},
 journal = {Artificial Intelligence},
 volume = {109},
 number = {1--2},
 month = {apr},
 year = {1999},
 pages = {111--159},
 numpages = {49},
 publisher = {Elsevier Science Publishers}
} 

@inproceedings{elsbroek2011fidius,
  title={Fidius: Intelligent support for vulnerability testing},
  author={Elsbroek, Dominik and Kohlsdorf, Daniel and Menke, Dominik and Meyer, Lars},
  booktitle={Working Notes for the 2011 IJCAI Workshop on Intelligent Security (SecArt)},
  pages={58},
  year={2011}
}

@inproceedings{erol1995htn,
  title={A Critical Look at Critics in HTN Planning},
  author={Kutluhan Erol and James A. Hendler and Dana S. Nau and Reiko Tsuneto},
  booktitle={Proceedings of the International Joint Conference on Artificial Intelligence (IJCAI)},
  year={1995}
}

@inproceedings{farrell2017,
	author = {Rachelyn Farrell and Stephen Ware},
	title = {Causal Link Semantics for Narrative Planning Using Numeric Fluents},
	booktitle = {Proceedings of the 31st AAAI Conference on Artificial Intelligence and Interactive Digital Entertainment (AIIDE) },
	year = {2017},
	pages ={193--199},
	address = {San Francisco, California, USA}
}

@inproceedings{fernau2003,
author =    {Henning Fernau and Torben Hagerup and Naomi Nishimura and Prabhakar Ragde and Klaus Reinhardt},
title = {On the parameterized complexity of the generalized rush hour puzzle},
booktitle =   {Proceedings of the 15th Canadian Conference on Computational Geometry},
address =  {Halifax, Nova Scotia, Canada},
year =  {2003},
pages = {6--9}
}

@article{fikes1971strips,
title = {STRIPS: A new approach to the application of theorem proving to problem solving},
journal = {Artificial Intelligence},
volume = {2},
number = {3},
pages = {189--208},
year = {1971},
author = {Richard E. Fikes and Nils J. Nilsson}
}


@inproceedings{finzi2005hit,
 author = {Finzi, Alberto and Orlandini, Andrea},
 title = {Human-Robot Interaction Through Mixed-initiative Planning for Rescue and Search Rovers},
 booktitle = {Proceedings of the 9th Conference on Advances in Artificial Intelligence (AI*IA)},
 year = {2005},
 location = {Milan, Italy},
 pages = {483--494},
 numpages = {12},
 publisher = {Springer-Verlag},
 address = {Berlin, Heidelberg}
} 

@article{flake2002,
 author = {Flake, Gary William and Baum, Eric B.},
 title = {Rush Hour is PSAPCE-complete, or ``Why You Should Generously Tip Parking Lot Attendants''},
 journal = {Theoritical Computer Science},
 issue_date = {January},
 volume = {270},
 number = {1-2},
 month = jan,
 year = {2002},
 pages = {895--911},
 numpages = {17},
 publisher = {Elsevier Science Publishers Ltd.},
 address = {Essex, UK}
} 

@inproceedings{fox2017xai,
author = {Fox, Maria and Long, Derek and Magazzeni, Daniele},
 title = {Explainable Planning},
 booktitle = {Proceedings of the International Joint Conference on Artificial Intelligence (IJCAI) workshop on Explainable AI},
 year = {2017},
 location = {Melbourne, Australia}
}



@article{friedler2019,
  author    = {Sorelle A. Friedler and Chitradeep Dutta Roy and  Carlos Scheidegger and Dylan Slack},
  title     = {Assessing the Local Interpretability of Machine Learning Models},
  journal   = {arXiv preprint},
  volume = {1906.10742},
  year      = {2019},
}

@Article{gal2012plan,
	title={Plan recognition in exploratory domains},
	author={Gal, YaÊ¼akov and Reddy, Swapna and Shieber, Stuart M and Rubin, Andee and Grosz, Barbara J},
	journal={Artificial Intelligence},
	volume={176},
	number={1},
	pages={2270--2290},
	year={2012},
	publisher={Elsevier}
}

@article{gallego2015,
  title={Bringing cohort studies to the bedside: framework for a 'green button' to support clinical decision-making.},
  author={Blanca Gallego and Scott R. Walter and Richard O. Day and Adam G. Dunn and Vijay Sivaraman and Nigam Haresh Shah and Christopher A. Longhurst and Enrico W. Coiera},
  journal={Journal of comparative effectiveness research},
  year={2015},
  volume={4 3},
  pages={
          191-197
        }
}

@inproceedings{geib2001plan,
  title={Plan recognition in intrusion detection systems},
  author={Geib, Christopher W and Goldman, Robert P},
  booktitle={DARPA Information Survivability Conference \&amp; Exposition II, 2001. DISCEX'01},
  volume={1},
  pages={46--55},
  year={2001},
  organization={IEEE}
}

@inproceedings{geib2001hostile,
 author = {Geib, Christopher W. and Goldman, Robert P.},
 title = {Probabilistic Plan Recognition for Hostile Agents},
 booktitle = {Proceedings of the Fourteenth International Florida Artificial Intelligence Research Society Conference},
 year = {2001},
 pages = {580--584},
 numpages = {5},
 publisher = {AAAI Press},
} 

@inproceedings{geib2005partial,
	title={Partial observability and probabilistic plan/goal recognition},
	author={Geib, Christopher W and Goldman, Robert P},
	booktitle={Proceedings of the International workshop on modeling other agents from observations (MOO-05)},
	pages={1-6},
	volume={8},
	year={2005}
}

@Article{GeibGoldman09,
  author = 	 {C.W. Geib and R.P. Goldman},
  title = 	 {A Probabilistic Plan Recognitino Algorithm based on Plan Tree Grammars},
  journal = 	 {Artificial Intelligence},
  year = 	 {2009},
  volume = 	 {173},
  pages = 	 {1101-1132}
 }


@Article{ghosh2012planner,
  title={A planner-based approach to generate and analyze minimal attack graph},
  author={Ghosh, Nirnay and Ghosh, Soumya K},
  journal={Applied Intelligence},
  volume={36},
  number={2},
  pages={369--390},
  year={2012},
  publisher={Springer}
}

@inproceedings{goldman1997,
	title={The \textsc{CIRCA} model of planning and execution},
	author={Goldman, Robert P and Musliner, David J and Boddy, Mark S and Krebsbach, Kurt D},
	booktitle={Working Notes of the AAAI Workshop on Robots, Softbots, Immobots: Theories of Action, Planning and Control},
	volume={970},
	year={1997},
	publisher={AAAI}
	}

@article{gupta1992bw,
title = {On the complexity of blocks-world planning},
journal = {Journal of Artificial Intelligence},
volume = {56},
number = {2},
pages = {223--254},
year = {1992},
author = {Gupta, Naresh and Nau, Dana S}
}

@Article{hoffman2003ff,
	author = {Hoffmann, J\"{o}rg},
	title = {The {Metric-FF} Planning System: Translating ``Ignoring Delete Lists'' to Numeric State Variables},
	journal = {Journal of Artificial Intelligence Research},
	issue_date = {December 2003},
	volume = {20},
	number = {1},
	month = {dec},
	year = {2003},
	pages = {291--341},
	publisher = {AI Access Foundation},
	address = {USA}
} 

@Article{hoffman2004lm,
  author    = {J{\"{o}}rg Hoffmann and Julie Porteous and Laura Sebastia},
  title     = {Ordered Landmarks in Planning},
  journal   = {Journal of Artificial Intelligence Research},
  volume    = {22},
  year      = {2004},
  month		= {July},
  pages       = {215--278},
  publisher = {AI Access Foundation},
 address = {USA}
}

@inproceedings{hoffmann15,
  author = 	 {Hoffmann, J\"{o}rg},
  title = 	 {Simulated Penetration Testing: From {``Dijkstra''} to {``Turing Test++''}},
  booktitle = {Proceedings of International Conference on Automated Planning and Scheduling (ICAPS)
  },
  publisher = {AAAI Press},
  pages = {364-372},
  year = 	 {2015}
}

@Article{hong2001goal,
  title={Goal recognition through goal graph analysis},
  author={Hong, J.},
  journal={Journal of Artificial Intelligence Research},
  volume={15},
  pages={1--30},
  year={2001}
}

@inproceedings{howe2012psychology,
  title={The psychology of security for the home computer user},
  author={Howe, A. E. and Ray, I. and Roberts, M. and Urbanska, M. and Byrne, Z.},
	booktitle = {{Proceedings of the IEEE Symposium on Security and Privacy}},
  pages={209--223},
  year={2012}
}


@inproceedings{jaidee2011gda,
author = {Jaidee, Ulit and Mu{\~n}oz-Avila, H{\'e}ctor and W. Aha, David},
year = {2011},
month = {jan},
pages = {2450-2455},
title = {Integrated Learning for Goal-Driven Autonomy},
booktitle = {International Joint Conference on Artificial Intelligence (IJCAI)}
}

@inproceedings{kabanza2010rts,
 author = {Kabanza, Froduald and Bellefeuille, Philipe and Bisson, Francis and Benaskeur, Abder Rezak and Irandoust, Hengameh},
 title = {Opponent Behaviour Recognition for Real-time Strategy Games},
 booktitle = {Proceedings of the 5th AAAI Conference on Plan, Activity, and Intent Recognition (PAIR)},
 series = {AAAIWS'10-05},
 year = {2010},
 pages = {29--36},
 numpages = {8},
 publisher = {AAAI Press}
} 

@article{kaminka2002monitoring,
	title={Monitoring teams by overhearing: A multi-agent plan-recognition approach},
	author={Kaminka, Gal A and Pynadath, David V and Tambe, Milind},
	journal={Journal of Artificial Intelligence Research},
	volume={17},
	number={1},
	pages={83--135},
	year={2002}
}

@inproceedings{kautz1986generalized,
  title={Generalized Plan Recognition},
  author={Kautz, H. A. and Allen, J. F.},
  booktitle={Proceedings of 5th National Conference on Artificial Intelligence (AAAI)},
  address = {Philadelphia, PA},
  pages={32--37},
  year={1986}
}

@MISC{kendall2008,
    author = {Graham Kendall and Andrew Parkes and Kristian Spoerer},
    title = {A Survey of NP-Complete Puzzles },
    booktitle={ICGA Journal},
    volume={31},
    number={1},
    numpages={13--34},
    year={2008}
}

@inproceedings{keren2014grd,
  title={Goal recognition design},
  author={Keren, Sarah and Gal, Avigdor and Karpas, Erez},
  booktitle={Proceedings of the 24th International Conference on Automated Planning and Scheduling (ICAPS)},
  year={2014},
  pages={154--162}
}

@inproceedings{langley2017explainable,
  title={Explainable agency for intelligent autonomous systems},
  author={Langley, Pat and Meadows, Ben and Sridharan, Mohan and Choi, Dongkyu},
  booktitle={Proceedings of the 29th AAAI Conference on Innovative Applications Conference},
  pages={4762--4763},
  year={2017}
}

@inproceedings{letchford2013optimal,
  title={Optimal interdiction of attack plans},
  author={Letchford, Joshua and Vorobeychik, Yevgeniy},
  booktitle={Proceedings of the 2013 International Conference on Autonomous agents and Multi-agent Systems},
  pages={199--206},
  year={2013},
  organization={International Foundation for Autonomous Agents and Multiagent Systems}
}

@InProceedings{lesh1996,
  author = 	 {Lesh, N. and Etzioni, O.},
  title = 	 {Scaling up goal recognition},
  booktitle = {Proceedings of the 5th International Conference on Knowledge Representation and Reasoning (KR)},
  pages = 	 {178--189},
  year = 	 {1996}
}

@InProceedings{lucangeli2010attack,
   title={Attack Planning in the Real World},
   author={Obes, Jorge Lucangeli and Sarraute, Carlos and Richarte, Gerardo},
   booktitle={Working Notes for the AAAI Workshop on Intelligent Security (SecArt)},
   pages = {10--17},
   year={2010}
}

@article{miller2017,
  author    = {Tim Miller},
  title     = {Explanation in Artificial Intelligence: Insights from the Social Sciences},
  journal   = {arXiv preprint},
  volume    = {1706.07269},
  year      = {2017}  
}

@article{nguyen2012generating,
  title={Generating diverse plans to handle unknown and partially known user preferences},
  author={Nguyen, Tuan Anh and Do, Minh and Gerevini, Alfonso Emilio and Serina, Ivan and Srivastava, Biplav and Kambhampati, Subbarao},
  journal={Artificial Intelligence},
  volume={190},
  pages={1--31},
  year={2012},
  publisher={Elsevier}
}


@inproceedings{papadimitriou2015goals,
  title={Goals in social media, information retrieval and intelligent agents},
  author={Papadimitriou, D. and Velegrakis, Y. and Koutrika, G. and Mylopoulos, J.},
  booktitle={IEEE 31st International Conference on Data Engineering (ICDE)},
  pages={1538--1540},
  year={2015}
}


@book{quinlan1993c45,
 author = {Quinlan, J. Ross},
 title = {C4.5: Programs for Machine Learning},
 year = {1993},
 publisher = {Morgan Kaufmann Publishers Inc.},
 address = {San Francisco, CA, USA}
} 

@inproceedings{ramirez2009plan,
  title={Plan recognition as planning},
  author={Ram{\i}rez, M. and Geffner, H.},
  booktitle={Proceedings of the 21st International Joint Conference on Artifical Intelligence (IJCAI)},
  pages={1778--1783},
  year={2009}
}
                  
@inproceedings{ramirez2010probabilistic,
  title={Probabilistic plan recognition using off-the-shelf classical planners},
  author={Ram{\i}rez, M. and Geffner, H.},
  booktitle={Proceedings of the Conference of the Association for the Advancement of Artificial Intelligence (AAAI)},
  pages={1121--1126},
  year={2010}
}

@inproceedings{ramirez2011goalrecog,
	author = {Ram\'{\i}rez, Miquel and Geffner, Hector},
	title = {Goal Recognition over {POMDP}s: Inferring the Intention of a {POMDP} Agent},
	booktitle = {Proceedings of the 22nd International Joint Conference on Artificial Intelligence (IJCAI)},
	year = {2011},
	pages = {2009--2014},
	publisher = {AAAI Press}
} 


@inproceedings{pereira2017,
  author =    {Ramon Fraga Pereira and Nir Oren and Felipe Meneguzzi},
  title =     {Landmark-Based Heuristics for Goal Recognition},
  booktitle = {Proceedings of the Thirty-First Association for the Advancement of Artificial Intelligence (AAAI)},
  pages     = {3622--3628},
  year =      {2017}
}

@inproceedings{pozanco2018counterplanning,
  title={Counterplanning using Goal Recognition and Landmarks.},
  author={Pozanco, Alberto and Yolanda, E and Fern{\'a}ndez, Susana and Borrajo, Daniel},
  booktitle={Proceedings of the 27th International Joint Conference on Artificial Intelligence (IJCAI)},
  pages={4808--4814},
  year={2018}
}

@inproceedings{riabov2014,
 author = {Anton Riabov and Shirin Sohrabi and	Octavian Udrea},
 title = {New algorithms for the top-k planning problem},
 booktitle = {Proceedings of the theScheduling and Planning Applications woRKshop (SPARK) at the 24th International Conference on Automated Planning and Scheduling},
 year = {2014},
 pages = {10--16},
 numpages = {10},
}

@inproceedings{ribeiro2016,
 author = {Ribeiro, Marco Tulio and Singh, Sameer and Guestrin, Carlos},
 title = {``Why Should I Trust You?'': Explaining the Predictions of Any Classifier},
 booktitle = {Proceedings of the 22nd ACM SIGKDD International Conference on Knowledge Discovery and Data Mining},
 year = {2016},
 location = {San Francisco, California, USA},
 pages = {1135--1144},
 numpages = {10},
 acmid = {2939778},
 publisher = {ACM},
 address = {New York, NY, USA}
}

@Article{richterWestphal10.jair.LAMA,
	author = {S. Richter and M. Westphal},
	title = {The {LAMA} Planner: Guiding Cost-Based Anytime Planning with Landmarks},
	journal = 	 {Journal of Artificial Intelligence Research},
	year = {2010},
	volume = {39},
	pages = {127--177}
}

@inproceedings{roberts2011,
	title={Personalized vulnerability analysis through automated planning},
	author={Roberts, Mark and Howe, Adele and Ray, Indrajit and Urbanska, Malgorzata and Byrne, Zinta S and Weidert, Janet M},
	booktitle={Working Notes of International Joint Conference on Artificial Intelligence \textsc{IJCAI} 2011, Workshop Security and Artificial Intelligence $($SecArt$-$11$)$},
	volume={4},
	year={2011}
}

@inproceedings{roberts2012,
	title={Using planning for a personalized security agent},
	author={Roberts, Mark and Howe, Adele E and Ray, Indrajit and Urbanska, Malgorzata},
	booktitle={Workshop on Problem Solving using Classical Planners at 26th \textsc{AAAI} Conference on Artificial Intelligence},
	year={2012}
}

@inproceedings{roberts2014,
  author = 	 {M. Roberts and A. Howe and I. Ray},
  title = 	 {Evaluating Diversity for Classical Planning},
  booktitle = {Proceedings of  the International Conference on Automated Planning and Scheduling (ICAPS)},
  pages = {253--261},
  year = 	 {2014},
  month = 	 {June},
  publisher = {AAAI Press},
  address = {NH, USA}
 }

@Article{sasse2001transforming,
  title={Transforming the `weakest link' -- a human/computer interaction approach to usable and effective security},
  author={Sasse, M. A. and Brostoff, S. and Weirich, D.},
  journal={BT Technology Journal},
  volume={19},
  number={3},
  pages={122--131},
  year={2001},
  publisher={Springer}
}
                  
@Article{schmidt1978plan,
  title={The plan recognition problem: An intersection of psychology and artificial intelligence},
  author={Schmidt, C. F. and Sridharan, N.S. and Goodson, J. L.},
  journal={Artificial Intelligence},
  volume={11},
  number={1-2},
  pages={45--83},
  year={1978},
  publisher={Elsevier}
}
@inproceedings{Sheyner2002,
	Author = {Sheyner, O. and Haines, J. and Jha, S. and Lippmann, R. and Wing, J.M.},
	Booktitle = {{Proceedings of the IEEE Symposium on Security and Privacy}},
	Month = {May},
	Pages = {273 - 284},
	Title = {Automated generation and analysis of attack graphs},
	 publisher = {IEEE Computer Society},
	 address = {Washington, DC, USA},
	Year = {2002}}

@inproceedings{sohrabi2013hypothesis,
	author    = {Shirin Sohrabi and	Octavian Udrea and	Anton Riabov},
	title     = {Hypothesis Exploration for Malware Detection Using Planning},
	booktitle = {Proceedings of the 27th {AAAI} Conference on Artificial Intelligence},
	month = {July},
	year      = {2013}, 
	pages = {883--889},
	 address = {Bellevue, Washington},
	 publisher = {AAAI Press}
}

@inproceedings{sohrabi2016plan,
	title={Plan recognition as planning revisited},
	author={Sohrabi, Shirin and Riabov, Anton and Udrea, Octavian},
	booktitle={Proceedings of the 25th International Joint Conference on Artificial Intelligence},
	pages={3258--3264},
	year={2016},
	 address = {New York, NY, USA},
	 publisher = {AAAI Press}
}

@inproceedings{sohrabi2016finding,
  title={Finding Diverse High-Quality Plans for Hypothesis Generation.},
  author={Sohrabi, Shirin and Riabov, Anton V and Udrea, Octavian and Hassanzadeh, Oktie},
  booktitle={Proceedings of the 22nd European Conference on Artificial Intelligence (ECAI)},
  pages={1581--1582},
  year={2016},
  address={The Hague, Holland}
}


@article{sun2005,
  title={A naive bayes classifier for prediction of multidrug resistance reversal activity on the basis of atom typing.},
  author={Hongmao Sun},
  journal={Journal of medicinal chemistry},
  year={2005},
  volume={48 12},
  pages={4031--9}
}

@Article{sun2007recognizing,
  title={Recognizing the agentâs goals incrementally: planning graph as a basis},
  author={Sun, Jigui and Yin, Minghao},
  journal={Frontiers of Computer Science in China},
  volume={1},
  number={1},
  pages={26--36},
  year={2007},
  publisher={Springer}
}


@inproceedings{vattam2015case,
	title={Case-based plan recognition under imperfect observability},
	author={Vattam, Swaroop S and Aha, David W},
	booktitle={Proceedings of the 23rd International Conference on Case Based Reasoning ({ICCBR})},
	pages={381--395},
	year={2015},
	address={Cham, Germany},
	publisher={Springer}
}

@inproceedings{vattam2015error,
  title={Error Tolerant Plan Recognition: An Empirical Investigation},
  author={Vattam, S. and Aha, D. and Floyd, M. W.},
  booktitle={Proceedings of  the 28th Florida Artificial Intelligence Research Society Conference {FLAIRS}},
  pages = {397--403},
  year={2015}, 
  publisher={AAAI Press},
  address={Hollywood, FL, USA}
}

@InProceedings{vered2016mirror,
author = {Mor Vered and Gal A. Kaminka and Sivan Biham},
title = {Online Goal Recognition through Mirroring: Humans and Agents},
booktitle = {Proceedings of the 4th Annual Conference on Advances in Cognitive Systems},
year = {2016},
loation={Evanston, Illinois}
}

@inproceedings{vered2018goalrec,
  title={Online Goal Recognition As Reasoning Over Landmarks},
  author={Mor Vered and Ramon Fraga Pereira and Mauricio Magnaguagno and Felipe Meneguzzi and Gal A. Kaminka},
  booktitle={The AAAI 2018 Workshop on Plan, Activity, and Intent Recognition (PAIR)},
  year={2018}
}

@Article{wilkins2003,
  author = 	 {D. E. Wilkins and T. J. Lee and P. Berry},
  title = 	 {Interactive Execution Monitoring of Agent Teams},
  journal = 	 {Journal of Artificial Intelligence Research},
  year = 	 {2003},
  volume = 	 {18},
  pages = 	 {217-261}
  }

@inproceedings{yin2004high,
	title={High-level goal recognition in a wireless {LAN}},
	author={Yin, Jie and Chai, Xiaoyong and Yang, Qiang},
	booktitle={Proceedings of the National Conference on Artificial Intelligence},
	pages={578--584},
	year={2004},
	organization={AAAI Press}
}

@Article{Zang2015,
  author = 	 {Zang, J. and Dummit, K. and Graves, J. and Lisker, P. and Sweeney, L.},
  title = 	 {Who Knows What About Me? A Survey of Behind the Scenes Personal Data Sharing to Third Parties by Mobile Apps},
  journal = 	 {Technology Science},
  year = 	 {2015},
  month = 	 {October 30}
  }

@techreport{dsb16.osd.summerStudy,
     title = {Summer Study on Autonomy},
     author = {{Defense Science Board}},
     year = {2016},
     month = {June},
     institution = {Office of the Under Secretary of Defense}
}

@INPROCEEDINGS{urbanskaEtAl13.codaspy.acceptingTheInevitable,
  author = {Urbanska, Malgorzata and Roberts, Mark and Ray, Indrajit and Howe,
	Adele and Byrne, Zinta},
  title = {Accepting the Inevitable: Factoring the User into Home Computer Security},
  booktitle = {Proceedings of the Third ACM Conference on Data and Application Security
	and Privacy},
  year = {2013},
  address = {San Antonio, TX, USA},
  month = {February}
}


@InProceedings{Zhang2014opportunistic,
author={Zhang, Chao and Jiang, Albert Xin and Short, Martin B. and Brantingham, P. Jeffrey and Tambe, Milind},
title={Defending Against Opportunistic Criminals: New Game-Theoretic Frameworks and Algorithms},
booktitle={Proceedings of the International Conference on Decision and Game Theory for Securit (GameSec 2014) },
year={2014},
publisher={Springer International Publishing},
pages={3--22},
}

